3032 4952
940 161 1469 255 SATIRARUM
1512 190 1793 257 Lmen
1833 192 1886 271 1.
1932 201 1992 260 5.

266 332 585 399 Convivas
614 333 827 412 avidos
855 355 1114 413 coenam,
1143 357 1460 419 servosque
1487 338 1762 402 timentes

2576 172 2719 276 ³4ae

1913 346 1994 405 75
2010 358 2126 406 Mox
2140 360 2399 419 aspexisses
2412 366 2633 415 convivas
2642 371 2714 417 ἰα-

261 418 426 482 Tum
468 439 701 501 rapere,
733 431 872 499 atq3
919 440 1126 481 omnes
1162 421 1533 503 restinguere
1561 423 1715 485 velle
1741 424 1993 489 videres.
2009 419 2198 468 ”⁸¹³⁰oe
2228 430 2370 482 atque
2399 428 2598 477 furnulo·
2618 438 2712 477 ere-

259 502 488 585 Incipit
515 523 594 563 ex
623 501 729 564 illo
759 516 992 565 montes
1019 503 1247 587 Apulia
1276 518 1451 566 notos

248 587 588 659 Ostentare
618 585 784 662 mihi,
814 600 1178 668 quos-torret
1199 588 1516 666 AtabuluS‚
1548 602 1607 651 et
1635 612 1787 672 quos

261 670 599 752 Nunquam
628 691 986 752 erepsemus,
1015 671 1128 732 nisi
1159 693 1269 733 nos
1295 673 1498 735 vicina
1527 672 1761 736 Trivici

264 753 436 816 Villa
465 754 803 836 recepisset,
833 753 1176 836 lacrymoso
1205 778 1329 819 non
1359 757 1486 819 sine
1513 757 1703 836 sumo,

265 837 330 899 U
332 840 443 899 dos
466 859 604 900 cum
629 837 788 899 foliis
815 859 1016 900 ramos
1044 854 1254 902 urente
1282 841 1543 903 camino.

161 926 170 938 '
266 921 392 985 Hic
421 942 541 1003 ego
570 922 921 984 mendacem
952 924 1328 987 stultissimus
1357 946 1545 1007 usque
1572 925 1833 1007 puellam

262 1007 367 1071 Ad
413 1007 676 1075 mediam
708 1020 963 1089 expecto
992 1021 1267 1087 noctem3
1306 1030 1549 1070 somnus
1581 1022 1778 1070 tamen
1810 1010 2115 1076 ausertm„

264 1088 571 1152 Intenturn
601 1087 827 1152 Veneri
852 1112 867 1150 ε
898 1103 1022 1151 tum
1050 1092 1364 1154 immundo
1388 1093 1623 1154 somnia
1646 1093 1779 1154 visu

264 1173 646 1237 Nocturnum
666 1186 886 1235 vestem
909 1175 1234 1252 maculant,
1248 1189 1583 1258 ventremq3
1603 1177 1899 1259 supinum.
1921 1182 1998 1239 85

2009 483 2225 539 pidantes
2241 498 2424 531 coenam
2441 490 2719 549 praeripe-ref

2008 551 2056 588 et
2076 552 2267 591 cunctos
2298 546 2610 597 allaborantes
2630 566 2718 597 ex-

2010 603 2238 663 tinguere.
2318 607 2503 655 Exinde
2541 612 2712 670 Apulia

2009 665 2408 722 empitostendere
2424 680 2604 719 montes
2627 674 2711 719 mi·

1914 763 1996 820 20
2009 725 2713 844 insuffla-:ranse-

2156 818 2169 842 ι
2632 810 2717 840 am

2011 847 2395 906 praeteriissemus
2416 863 2502 895 nos
2516 809 2621 907 nia,
2632 868 2716 897 ex·

2012 908 2213 966 cepisset
2227 908 2351 953 villa-
2364 907 2535 956 Trivici
2552 912 2715 971 proxi·

2014 984 2110 1024 ma,
2131 969 2259 1015 haud
2289 969 2390 1015 sine
2420 971 2547 1016 sumo
2565 973 2716 1034 lacry-

2146 1030 2358 1086 elicente‚
2395 1030 2506 1077 dum
2536 1032 2586 1079 s'n
2610 1035 2720 1080 foco

2014 1092 2374 1137 incenderentur
2396 1093 2573 1139 humidi
2594 1096 2716 1141 rami

2015 1167 2124 1199 cum
2165 1153 2422 1199 frondibus.
2498 1154 2597 1201 Illic
2627 1170 2718 1216 ego

2015 1216 2206 1261 demens
2223 1215 2498 1262 mendaeem
2509 1217 2718 1263 meretri·

338 1271 557 1339 uatuor
579 1256 717 1319 hinc
749 1258 1018 1341 rapimur
1044 1259 1261 1341 viginti
1290 1272 1349 1321 et
1377 1259 1569 1321 millia
1591 1260 1813 1339 rhedis,
1863 1283 1996 1345 [567]
2014 1289 2117 1349 cem
2140 1285 2337 1334 expecto
2339 1275 2528 1337 frustra
2540 1279 2602 1323 ad
2623 1293 2719 1325 me-

343 1342 547 1404 ansuri
578 1342 889 1424 oppidulo,
920 1343 1083 1424 quod
1108 1364 1283 1405 versu
1311 1344 1512 1406 dicere
1535 1365 1659 1406 non
1682 1357 1808 1406 est:

268 1426 478 1508 Signis
501 1426 792 1508 perfacile
815 1440 940 1488 est:
964 1427 1151 1488 voenit
1172 1427 1461 1489 vilissima
1489 1449 1688 1490 rerum

266 1509 389 1573 Hic
420 1531 617 1592 aqua:
648 1510 751 1572 sed
780 1510 955 1593 panis
983 1510 1171 1591 longe
1199 1511 1673 1596 pulcherrimus3
1702 1511 1859 1575 ultro

268 1595 550 1657 Callidus
580 1607 644 1655 ut
666 1594 857 1656 soleat
879 1594 1142 1656 humeris
1171 1609 1412 1679 portare
1432 1596 1671 1675 viator3

266 1679 429 1742 Nam
464 1677 696 1741 Canusi
720 1678 1067 1761 lapidosus3
1098 1701 1275 1762 aquae
1299 1702 1421 1742 non
1450 1680 1636 1742 ditior
1656 1700 1848 1743 urna:

249 1764 396 1846 {Qui
425 1764 593 1827 locus
623 1763 661 1823 a
688 1763 826 1831 forti
856 1762 1159 1827 Diomede
1186 1777 1274 1828 est
1296 1764 1577 1827 conditus
1600 1764 1766 1827 olim.

2014 1338 2142 1383 diam
2163 1352 2312 1396 usque
2333 1346 2532 1385 noctem.
2595 1339 2722 1386 Tum

2014 1397 2126 1444 vero
2146 1399 2567 1457 supermeinvasit
2605 1403 2632 1428 ⁴·
2692 1403 2724 1428 ⁹

2018 1461 2045 1486 1
2096 1462 2122 1486 1
2173 1462 2198 1486 fl
2260 1462 2287 1487 1
2347 1463 2372 1488 1
2433 1463 2460 1488 1
2520 1464 2546 1488 1
2607 1465 2635 1489 1

2018 1523 2045 1548 1
2095 1523 2121 1547 ss
2168 1523 2197 1549 1
2254 1524 2283 1550 Q
2342 1524 2369 1549 1

1922 1584 2048 1671 902
2098 1585 2125 1671 ἶ
2174 1585 2201 1671 1
2261 1585 2289 1671 ἰ
2347 1587 2375 1672 1

2018 1707 2041 1733 '¹
2094 1707 2121 1732 ⁰
2172 1705 2288 1752 Inde
2324 1707 2481 1753 rhedis
2510 1709 2722 1756 vehimur

2019 1767 2720 1829 perquatuoretvigintimillia

2156 1842 2254 1883 mn,
2296 1832 2630 1876 commoraturi
2671 1832 2724 1878 in

266 1889 416 1950 parva
431 1891 546 1935 urbe
562 1903 703 1948 quam
729 1889 937 1936 indicare
954 1905 1049 1936 nou
1072 1890 1182 1937 licet
1198 1903 1336 1937 versu
1349 1890 1615 1939 lte-‘tmere
1623 1905 1645 1946 ;
1664 1892 1808 1952 signis
1826 1893 1981 1937 autem
1997 1897 2069 1934 est
2089 1888 2362 1934 facillimum
2379 1906 2389 1936 :
2423 1889 2492 1935 lbi
2509 1892 2725 1936 venditus·

266 1968 394 2011 aqua
412 1967 564 1998 rerum
583 1950 838 1997 vilissimas
851 1960 902 1997 at
917 1952 1053 2010 panis
1067 1957 1130 1999 es!
1145 1952 1350 2012 optimus
1366 1951 1519 2010 certe;
1536 1951 1652 1999 oded
1673 1962 1727 1999 ut
1748 1953 1955 2011 prudens
1978 1951 2126 1996 viator
2141 1950 2437 1996 consueverit
2452 1959 2618 2009 sponte
2639 1951 2724 1995 hu-

268 2014 409 2061 meris
428 2015 550 2060 serre
560 2026 574 2069 ;
593 2014 704 2070 quia
712 2012 907 2060 Canusii
930 2017 993 2060 es!
1008 2013 1273 2071 lapidosum
1297 2029 1419 2062 urna
1440 2019 1598 2061 autem
1612 2029 1748 2074 aque
1763 2015 1892 2062 baud
1909 2013 2114 2069 felicior;
2133 2012 2260 2073 quod
2280 2011 2507 2071 oppidum
2523 2011 2724 2058 edifica-

265 2086 365 2123 tum
382 2084 453 2122 est
470 2076 708 2134 quondam
724 2072 754 2121 a
767 2081 957 2122 strenuo
974 2074 1217 2124 Diomede.

1215 2139 1406 2188 ΔΝΝΟ
1416 2137 1765 2186 ranem-38.

268 2270 368 2309 erat
415 2262 547 2307 focus
576 2259 754 2309 Vitruv.
788 2260 871 2347 ffb.
902 2258 981 2305 vii.
1011 2274 1119 2320 cap.
1140 2261 1187 2308 3.
1261 2261 1390 2308 Hinc
1421 2268 1471 2308 et

269 2339 395 2371 nunc
418 2323 655 2370 abutimur
675 2337 793 2369 voce
830 2321 1058 2378 caminus,
1094 2323 1353 2381 fornacem,
1385 2324 1469 2384 hy-

269 2394 565 2446 pocaustum,
597 2385 772 2445 igneum
793 2382 1109 2444 significante:
1132 2399 1277 2444 quam
1307 2393 1469 2432 tamen

271 2462 551 2507 usurpamus
566 2461 653 2508 pro
670 2445 891 2501 fumario,
909 2460 993 2492 seu
1009 2445 1119 2520 gula
1135 2446 1318 2493 fumum
1335 2447 1469 2494 emit-

273 2519 400 2558 tente
423 2519 558 2557 extra
576 2518 766 2556 tectum.
815 2507 979 2554 isidor.
1004 2510 1083 2555 lib.
1105 2508 1202 2555 xix.
1224 2523 1331 2568 cap.
1350 2511 1395 2555 6.

333 2574 408 2620 75.
446 2571 671 2620 Conviva-t
701 2569 873 2626 avidos,
899 2570 1006 2632 aa]
1046 2570 1243 2618 Coenam
1257 2570 1365 2632 jam
1387 2584 1471 2630 pa·

273 2644 427 2681 ratam
473 2649 661 2680 servare
699 2641 803 2679 sata
871 2640 924 2678 nt
960 2633 1167 2680 famelici
1213 2632 1280 2679 illi
1318 2633 1471 2695 magis

274 2696 414 2756 quam
441 2698 566 2752 aedes
588 2695 766 2742 scilicet
788 2710 818 2741 a
837 2695 982 2742 ‘enas.

337 2759 410 2806 77.
442 2756 612 2819 Incipit
646 2772 704 2804 ea:
736 2755 817 2805 illo
846 2762 1035 2814 montes,
1058 2756 1165 2819 δια]
1205 2756 1475 2804 Benevento

274 2821 473 2880 egressis
489 2820 718 2879 incipiunt
740 2819 887 2878 aspici
910 2829 1093 2866 montes
1104 2818 1303 2879 Apuliae,
1318 2819 1474 2866 Hora-

275 2883 341 2928 tio
364 2883 554 2941 quidem
571 2883 702 2941 regio
717 2881 984 2939 notissima3
1001 2883 1172 2928 exinde
1188 2888 1293 2927 orto
1309 2881 1470 2928 videli-

273 2951 365 2990 cet.
389 2943 570 3005 Apulia
584 2943 661 2989 lib.
674 2943 735 2989 iii.
749 2943 922 2989 Od.30.
932 2958 974 2991 ν.
989 2946 1057 2991 10.
1071 2954 1120 2991 et
1128 2943 1471 3004 Epod.2.v.42.

340 3007 413 3052 78.
448 3003 711 3064 Atabulus]
776 3005 950 3051 Ventus
991 3007 1209 3065 Apuliam
1248 3005 1475 3053 infestans

275 3067 435 3112 dictus
454 3064 720 3125 quasi'iurur
737 3065 949 3123 βέλλαν,
966 3068 1219 3115 immittens
1283 3068 1474 3114 calami·

278 3136 444 3172 tatem.
480 3127 692 3175 Plin.lib.
717 3131 822 3177 xvii.
846 3145 950 3189 cap.
965 3131 1040 3175 24.
1077 3130 1195 3176 Gell.
1209 3130 1288 3176 lib.
1308 3129 1474 3189 ii.cap.

276 3190 353 3247 22,
372 3189 512 3243 hunc,
529 3197 580 3233 ut
595 3192 769 3246 volunt,
785 3194 987 3238 eundem
1003 3202 1160 3238 noster
1177 3200 1313 3238 vocat
1333 3192 1473 3253 Iapy-

277 3261 355 3312 ga.
380 3250 459 3296 lib.
484 3250 512 3295 i.
537 3249 624 3297 Od.
648 3253 694 3296 3.
712 3267 754 3297 v.
770 3253 814 3298 4.

342 3314 416 3359 79.
455 3312 762 3374 Εηρεεηιω]
804 3313 1020 3375 Syneope
1037 3330 1122 3373 pro
1145 3315 1474 3376 erepsissemus,

277 3376 325 3420 td
342 3381 432 3430 est,
450 3374 842 3422 transis-issemus.
881 3376 959 3422 Sic
976 3375 1137 3435 postea
1160 3376 1259 3423 Sat.
1275 3380 1317 3423 9.
1339 3393 1382 3424 v.
1400 3380 1473 3425 73.

274 3449 485 3491 surrexe,
502 3451 588 3495 pro
603 3435 866 3483 surrexisse.
907 3437 1070 3498 virgil.
1092 3438 1276 3485 AEneid.
1293 3438 1353 3486 iv.
1370 3441 1472 3485 ⁶06.

276 3498 520 3547 atinum
543 3512 630 3557 pro
659 3497 964 3545 extinxissem.
1018 3499 1259 3547 Lucretius
1295 3501 1478 3560 pariter

275 3575 361 3607 eon
398 3562 522 3607 axel.
576 3560 824 3606 Terentius
843 3562 889 3606 in
913 3561 1349 3622 Adelph.produ.te,
1370 3561 1456 3610 am.

385 3620 555 3684 ririci]
591 3622 700 3668 Hoc
717 3623 942 3680 oppidum
965 3632 1037 3669 est
1058 3624 1105 3669 in
1129 3622 1403 3682 Campaniae
1424 3626 1476 3671 fl-

260 3684 432 3739 'nibus,
457 3683 673 3731 montosa
688 3684 826 3730 valde
849 3685 1056 3745 regione,
1089 3685 1267 3743 viisque
1300 3687 1478 3743 arduis,

278 3761 337 3793 ac
375 3747 666 3802 difficilibus;
704 3755 993 3805 quapropter
1030 3747 1077 3792 in
1117 3744 1226 3792 villa
1261 3748 1480 3807 proxima

277 3810 532 3854 subsistere
548 3806 717 3867 sepius
735 3823 927 3854 necesse
949 3816 1034 3855 est.

334 3872 408 3919 87.
568 3870 579 3882 ’
611 3869 709 3926 ulo,
741 3869 865 3931 quod
894 3884 1026 3917 versu
1057 3868 1204 3916 dicere
1243 3884 1338 3917 non
1374 3871 1473 3933 est]

277 3932 470 3979 Scilicet
544 3933 803 3992 quotutico,
832 3947 936 3992 quoe
975 3947 1064 3978 vox
1094 3940 1221 3979 stare
1246 3933 1406 3990 nequit
1430 3934 1476 3979 in

276 4009 413 4040 versu
436 3996 729 4041 hexametro.
779 3995 1104 4054 Equotutium,
1127 3994 1218 4050 vel,
1240 4002 1292 4041 at
1312 3995 1477 4055 legunt

279 4055 376 4111 alii,
397 4056 751 4114 Equotuticum,
768 4057 863 4103 sive
886 4056 1048 4116 Equus
1064 4056 1276 4111 Tuticus,
1301 4056 1479 4114 Apulia

277 4117 476 4165 Dauniae
500 4119 587 4164 suit
607 4119 904 4178 oppidulum:
935 4118 1075 4164 hodie.
1096 4117 1276 4165 Ariana
1292 4118 1479 4177 dicitur,

277 4179 381 4225 aliis
398 4179 605 4242 foggin.-
623 4184 670 4226 in
686 4181 803 4227 colle
821 4181 959 4227 situm
976 4189 1049 4226 est
1062 4181 1123 4226 ad
1145 4181 1478 4239 Appenninum

279 4253 510 4289 mintem:
536 4241 562 4288 a
579 4242 848 4289 Benevento
864 4244 914 4289 in
930 4252 1084 4288 ortum
1103 4242 1246 4288 distat
1268 4242 1476 4288 minin-i·

277 4303 363 4348 bas
380 4305 629 4350 duodecim
652 4319 712 4350 ex
729 4304 956 4351 Sansone.
1009 4304 1138 4350 Illius
1161 4303 1374 4350 meminit
1397 4303 1475 4349 Ci-

276 4375 389 4409 cero
421 4367 482 4410 ad
518 4366 656 4413 Attic.
674 4368 753 4412 lib.
771 4367 831 4412 vi.
854 4366 1008 4425 Epist.
1029 4367 1086 4413 l.·
1135 4364 1260 4412 Scire
1280 4366 1351 4412 vis
1369 4369 1476 4411 tuas

273 4439 364 4483 ego
388 4439 502 4485 quas
521 4427 772 4491 acceperim
792 4427 962 4474 literas.
1030 4427 1200 4474 Omnes
1214 4427 1324 4488 sere
1358 4442 1477 4488 quas

273 4500 615 4545 commemoras,
647 4494 819 4550 preater
855 4504 932 4537 eas
1014 4503 1080 4544 ⁴as
1106 4488 1266 4536 ser-ibis
1286 4488 1476 4537 &ntuli

268 4547 434 4609 pueris
449 4550 720 4612 Equotutico
739 4566 794 4599 ac
815 4552 916 4600 Bru
1044 4551 1082 4599 ὀ
1097 4550 1244 4599 datm.

1603 2259 1739 2320 Quod
1778 2275 1910 2309 versu
1946 2260 2095 2311 dicere
2129 2276 2227 2310 non
2262 2263 2364 2324 εει]
2414 2262 2621 2312 Imitatio
2656 2273 2728 2315 est

1533 2321 1719 2380 Lucilii,
1775 2323 1842 2371 ita
1880 2323 2121 2386 Sigillaria
2150 2324 2403 2373 indicantis
2437 2326 2537 2373 Sat.
2573 2327 2655 2375 vii.

1531 2386 2211 2434 ——Servorum
2217 2384 2370 2449 festus
2383 2385 2481 2434 dies
2499 2393 2580 2445 est,

1539 2445 1685 2506 Quem
1698 2444 1845 2508 plane
1864 2446 2131 2496 haumaro
2151 2462 2283 2496 versu
2303 2463 2399 2498 mm
2412 2448 2561 2499 dicere
2570 2449 2730 2514 possis.

1533 2508 1607 2556 De
1628 2510 1718 2555 hoc
1734 2524 1975 2555 servorum
1998 2510 2075 2557 die
2097 2510 2319 2557 continuo
2335 2522 2442 2571 post
2460 2512 2734 2561 Saturnalia

1533 2570 1764 2617 celebrari
1787 2582 2028 2629 consueto,
2047 2573 2259 2620 Macrob.
2276 2573 2354 2619 lib.
2378 2574 2407 2622 i.
2424 2588 2530 2634 cap.
2552 2577 2626 2623 10.

1596 2634 1671 2679 88.
1714 2631 1861 2680 Voem‘t
1883 2632 2104 2681 vilissima
2130 2648 2288 2681 rerum
2310 2635 2411 2682 Hie
2424 2638 2584 2698 aqum]
2617 2638 2732 2690 Quo

1536 2692 1718 2741 scilicet
1735 2694 1922 2741 aliunde
1940 2697 2145 2754 petenda
2159 2704 2205 2741 et
2216 2695 2353 2757 longe
2375 2695 2400 2741 ὲ
2412 2698 2539 2744 sonte
2555 2698 2730 2756 aliquo.

1599 2757 1673 2802 89.
1697 2755 1825 2803 Ultro
1849 2755 2095 2830 Callidus]
2127 2757 2326 2809 Quidem
2342 2758 2384 2803 le
2453 2766 2504 2804 ut
2520 2759 2660 2817 ultra,
2682 2761 2732 2806 id

1537 2825 1626 2873 est,
1643 2818 1691 2864 in
1706 2818 1977 2864 ulteriorem
1994 2833 2249 2879 regionem.
2281 2820 2351 2870 Qu
2432 2820 2544 2866 satis
2560 2822 2732 2879 placet.

1595 2880 1671 2928 91.
1712 2879 1928 2941 Canusi]
1976 2880 2235 2927 Canusium
2273 2881 2454 2938 Apuiiae
2488 2882 2734 2940 oppidum,

1532 2942 1674 2989 hodie
1703 2942 1901 3006 canosa,
1931 2943 1978 2989 iu
2009 2944 2129 2989 colle
2152 2943 2433 2990 edificatum
2457 2945 2583 3001 apud
2604 2943 2733 2989 Aufi-

1538 3006 1652 3051 dum
1674 3018 1882 3061 amnem,
1917 3003 1946 3051 a
1978 3004 2157 3052 Cannis
2177 3004 2347 3051 excisis
2375 3004 2555 3051 distans
2584 3004 2734 3051 tribus

1538 3067 1830 3113 milliaribus.

1599 3127 1894 3201 lapidosus]
1908 3159 1915 3166 ι
1929 3127 2124 3188 Lapidis
2162 3128 2317 3175 instar·¹
2339 3130 2485 3182 durus
2507 3137 2554 3175 et
2578 3128 2735 3189 insipi-

1538 3191 1657 3248 dus;
1691 3192 1765 3236 vel
1799 3191 2035 3250 lapidibus
2072 3191 2256 3249 plenus,
2288 3191 2315 3237 e
2351 3190 2504 3238 farina
2543 3191 2736 3238 minime

1536 3251 1656 3298 durii
1667 3266 1681 3310 ;
1715 3253 1810 3299 sive
1829 3253 1950 3299 male
1966 3252 2249 3299 concinnata
2266 3253 2407 3310 molfi,
2429 3254 2526 3300 sive
2542 3269 2638 3300 non
2660 3262 2738 3301 sat

1537 3315 1675 3370 dura,
1710 3330 1814 3374 quae
1850 3330 2002 3376 grana
2034 3317 2322 3361 conterendo
2340 3316 2444 3375 ipsa
2480 3317 2736 3373 deteratur,

1538 3377 1687 3436 ruptis
1710 3377 1820 3423 inde
1843 3377 2103 3435 particulis,
2126 3391 2230 3436 quae
2246 3377 2471 3424 immixtoe
2491 3378 2607 3438 pani
2622 3380 2736 3426 den·

1538 3447 1610 3485 tes
1634 3439 1961 3485 manducantis
1984 3440 2241 3486 offendunt.

1601 3500 1747 3562 Aquae
1770 3516 1866 3548 non
1887 3500 2031 3548 ditior
2046 3502 2204 3562 urna]
2224 3503 2294 3548 An
2312 3501 2437 3562 quod
2455 3503 2649 3551 Aufidus
2665 3513 2738 3553 est

1540 3564 1770 3609 duntaxat
1785 3564 1931 3620 lacus,
1949 3565 2344 3623 quemadmodum
2365 3564 2535 3611 Strabo
2552 3567 2734 3626 asserit3

1540 3624 1676 3685 cujus
1700 3624 1899 3683 proinde
1921 3640 2046 3684 aqua
2068 3633 2182 3683 potu
2220 3625 2476 3687 injucunda
2500 3637 2640 3687 esset,
2672 3643 2736 3675 an

1540 3695 1592 3732 ut
1614 3688 1824 3733 scribunt
1839 3687 2068 3744 nonnulli,
2091 3685 2217 3746 quod
2242 3690 2398 3735 Aufidi
2422 3690 2550 3736 fluvii
2573 3691 2735 3738 alveus

1542 3748 1777 3794 interdum
1800 3749 1988 3796 arescit.

1600 3811 1677 3855 92.
1717 3810 1809 3868 Qui
1832 3811 1958 3857 loeus
1977 3809 2010 3857 ὰ
2033 3810 2156 3873 sorti
2178 3810 2402 3859 Diomede
2436 3817 2496 3859 ed
2527 3813 2738 3861 fonditus

1538 3870 1687 3932 olim]
1723 3871 1977 3918 Diomedes
1995 3873 2179 3919 AEtoliae
2198 3889 2298 3930 rex,
2316 3884 2423 3932 post
2440 3876 2665 3921 Achillem
2686 3882 2735 3921 et

1541 3932 1740 3994 AJacem
1788 3934 2065 3981 fortissimus
2102 3936 2224 3981 inter
2258 3936 2464 3992 Groecos,
2508 3936 2735 3996 singulari

1573 3993 1697 4056 ugnfl
1716 4009 1823 4041 cum
1846 3996 2052 4043 Hectore
2073 4006 2121 4043 et
2154 3998 2305 4044 AEnea
2338 4012 2614 4057 congressus
2645 4004 2735 4054 est,

1583 4056 1808 4103 alladium
1832 4059 2045 4118 abstulit3
2078 4060 2282 4106 Martem
2315 4073 2498 4116 quoque
2515 4067 2562 4104 et
2584 4056 2734 4104 Vene-

1542 4134 1642 4165 rem
1665 4119 1935 4167 vulnerfisse
1954 4121 1999 4167 in
2023 4122 2146 4167 bcllo
2160 4120 2370 4181 Trojano
2388 4122 2549 4165 fertur.
2611 4120 2734 4170 Qua-

1541 4189 1736 4241 propter
1758 4181 2002 4242 iudignata
2024 4183 2130 4228 Dea
2152 4197 2345 4228 uxorem
2375 4181 2477 4241 ejus
2514 4180 2734 4241 Egi-len

1539 4243 1808 4289 libidinibus
1833 4245 1966 4290 soedis
1990 4244 2109 4292 adeo
2127 4243 2345 4303 perdidit,
2369 4249 2420 4286 ut
2441 4242 2517 4287 ille
2550 4250 2651 4287 tum
2672 4244 2734 4288 ab

1539 4304 1641 4363 ipsi
1662 4312 1761 4351 tum
1786 4304 1813 4351 ἐι
1830 4306 1981 4363 patria
1998 4306 2310 4360 abhorruerit,
2333 4303 2665 4362 diverteritque
2685 4303 2734 4350 in

1537 4367 1775 4425 Apuliam,
1805 4367 1883 4411 ubi
1907 4383 2013 4413 cum
2046 4368 2219 4413 Dauno
2243 4380 2352 4425 rege
2385 4365 2559 4409 soedere
2597 4363 2734 4421 inito,

1537 4443 1632 4474 non
1655 4443 1798 4475 unam
1833 4431 1997 4476 urbem
2032 4424 2267 4483 eondidit;
2301 4434 2620 4472 memorantur
2641 4425 2733 4470 Ca·

1528 4489 1742 4545 nmium,
1781 4491 1931 4550 Arpos
1954 4491 2050 4540 sire
2074 4492 2245 4556 Argos,
2285 4488 2531 4546 Hippiam,
2561 4500 2665 4546 qun
2686 4494 2734 4535 et

1537 4552 1825 4614 Argyrippa.
