3032 4952
924 394 1042 495 Q.
1112 394 1655 487 ΗΟΚΑΤΠ
1723 392 2188 491 FLACCI

1169 621 1296 741 V
1386 584 1452 740 1
1547 622 1730 773 T·
1753 622 1926 765 A,

1490 870 1621 920 PER

656 1015 1356 1126 LUDOVIC
1378 1016 1600 1121 ΠΜ
1690 1018 1897 1119 DE
1915 1019 2446 1125 SPREZ.

319 1437 432 1536 Q,
484 1453 994 1526 ¹HORATIUS
1046 1450 1462 1518 FLACCUS
1511 1454 1575 1517 in
1607 1453 1883 1518 Venusio
1925 1455 2172 1540 Apulioe
2213 1460 2444 1544 oppido
2473 1474 2652 1525 natus
2679 1477 2772 1528 est

322 1555 348 1589 ²
369 1544 623 1611 Patrem
676 1542 895 1605 habuit
946 1539 1314 1615 libertinum,
1368 1553 1430 1602 et
1480 1540 1871 1602 exactionum
1926 1556 2272 1609 coactorem
2302 1566 2317 1604 z
2376 1544 2791 1614 Salsamenta-

324 1631 475 1694 rium
504 1628 782 1692 scribunt
810 1625 1038 1707 aliqui:
1069 1624 1142 1686 eo
1174 1622 1339 1706 quod
1370 1624 1432 1685 in
1464 1624 1859 1686 altercatione
1883 1625 2132 1708 quidam
2165 1623 2429 1690 Horatio
2454 1634 2791 1716 exprobra-

326 1716 494 1791 verit,
521 1713 772 1814 Quoties
790 1731 902 1798 ego
926 1708 1055 1773 vidi
1068 1722 1305 1795 pamm
1325 1717 1486 1772 tuum
1504 1707 1746 1773 brachio
1766 1730 1824 1772 se
1848 1720 2249 1797 emungentem
2268 1712 2304 1775 ‘3
2360 1716 2531 1794 cujus
2555 1715 2791 1782 dicterii

328 1802 599 1863 meminit
643 1795 891 1860 Tullius
937 1801 998 1873 4,
1047 1795 1125 1857 ad
1173 1794 1401 1857 Heren.
1497 1802 1523 1834 ²
1545 1794 1830 1857 Natalem
1878 1798 2005 1877 ejus
2061 1812 2299 1881 ponunt
2346 1798 2585 1861 duobus
2619 1803 2793 1865 annis

328 1900 461 1949 ante
490 1882 974 1947 con‘urationem
1005 1879 1454 1955 Catilinariam‚
1499 1878 1578 1942 L.
1609 1881 1865 1942 Aurelio
1896 1880 2085 1944 Cotta
2113 1897 2174 1944 et
2199 1881 2439 1945 Manlio
2467 1882 2792 1969 Torquato

330 1971 538 2033 iterum
641 1966 977 2034 ousulibus.
1069 1972 1092 2004 ⁴
1127 1964 1188 2026 A
1214 1978 1388 2050 patre
1438 1963 1707 2026 Romam
1747 1986 1899 2048 puer
1949 1966 2262 2043 deductus,
2306 1968 2511 2052 ibique
2541 1971 2793 2036 honeste

330 2055 637 2130 educatus,
676 2065 860 2134 atque
900 2048 1251 2113 liberalibus
1293 2048 1630 2134 disciplinis
1653 2050 1957 2111 institutus
1994 2064 2100 2113 est.
2193 2064 2216 2096 ⁵
2247 2052 2554 2116 Orbilium
2587 2077 2794 2139 gram·

330 2140 615 2202 maticum
673 2135 927 2199 audivit.
1021 2143 1045 2174 ⁸
1067 2132 1277 2195 Roma
1321 2134 1596 2196 Athenas
1648 2156 1710 2196 se
1756 2136 2033 2213 contulit,
2082 2135 2507 2222 Philosophiae
2555 2141 2793 2205 discen-

330 2225 425 2287 dae
467 2222 674 2286 causa.
766 2227 792 2262 '¹
820 2218 1077 2283 Athenis
1114 2219 1253 2280 cum
1289 2232 1651 2295 versaretur,
1700 2241 1927 2281 annum
1972 2222 2169 2282 aetatis
2206 2243 2394 2305 agens
2441 2224 2792 2291 vicesimum

331 2310 588 2385 tertium,
619 2307 657 2369 a
681 2304 883 2368 Bruto
911 2305 1246 2366 abstractus
1276 2303 1356 2365 ad
1374 2303 1555 2366 civile
1576 2303 1824 2380 bellum,
1857 2326 1928 2366 ac
1947 2303 2262 2369 Tribunus
2294 2307 2549 2371 militum
2582 2310 2795 2391 factus,

331 2390 708 2478 Philippensi
766 2388 929 2452 cladi
966 2387 1269 2451 interfuit.
1387 2396 1410 2429 ⁸
1432 2386 1602 2451 Tum
1638 2389 1854 2466 victus,
1900 2400 1962 2451 et
2003 2392 2181 2453 bonis
2228 2406 2448 2455 exutus
2506 2398 2794 2480 paternis,

330 2492 686 2564 paupertate
713 2474 1092 2539 conflictatus
1134 2473 1217 2536 ad
1256 2473 1493 2557 poesim
1529 2474 1799 2536 animum
1832 2475 2085 2560 appulit.
2179 2485 2202 2517 ⁹
2237 2475 2404 2542 Hinc
2433 2478 2797 2546 Maecenatis

332 2563 662 2627 amicitiam
690 2558 1024 2623 demeruit:
1068 2579 1141 2619 ac
1166 2579 1277 2641 per
1300 2579 1438 2619 eum
1469 2558 1725 2620 subinde
1748 2580 1887 2626 cum
1917 2560 2202 2643 Augusto
2230 2565 2676 2645 reconciliatus,
2701 2582 2798 2631 ut·

333 2648 499 2732 rique
520 2645 708 2709 valde
747 2645 968 2708 charus
989 2643 1207 2720 extitit,
1250 2656 1312 2704 et
1333 2642 1665 2705 liberaliter
1689 2642 1931 2706 ditatus.
2014 2654 2031 2685 ¹
2049 2657 2071 2686 ⁰
2107 2644 2402 2711 Suetonio
2421 2649 2600 2713 etiam
2628 2666 2796 2733 teste,

332 2733 595 2820 primum
642 2731 845 2793 scriba
891 2727 1275 2810 Quoestorius
1322 2727 1436 2789 fuit
1474 2739 1615 2809 post
1654 2728 1896 2789 veniam
1939 2730 2017 2790 ab
2066 2731 2347 2812 Aug-usto
2394 2735 2798 2817 impetratam.

339 2828 391 2862 ¹¹
424 2816 656 2880 Animo
688 2827 819 2877 erat
851 2813 888 2875 a
920 2812 1272 2874 tumultibus
1304 2812 1556 2874 urbanis
1581 2811 1803 2887 alieno,
1830 2833 2246 2896 secessumque
2272 2820 2538 2880 amabat.
2610 2823 2667 2883 A
2715 2823 2797 2887 ud

335 2900 604 2965 Sabinos
640 2912 844 2963 autem
870 2898 1126 2960 libenter
1148 2895 1506 2959 morabatur
1534 2897 1597 2958 in
1630 2897 1886 2959 fundulo
1917 2918 2048 2974 suo,
2080 2919 2256 2979 quem
2284 2901 2572 2966 describit
2593 2844 2736 2968 Lib.
2757 2907 2798 2970 i.

332 2984 529 3072 Epist.
563 2989 665 3048 16.
761 2993 816 3027 ¹¹
847 2981 1015 3045 Hinc
1044 2981 1500 3044 scribendarum
1541 2982 1935 3064 epistolarum
1965 3003 2182 3044 munus
2207 2986 2287 3046 ab
2318 2986 2600 3068 Augusto
2630 2990 2802 3053 obla-

331 3085 453 3134 tum
483 3067 865 3135 devectavit.
946 3077 1005 3110 ¹³
1027 3065 1246 3129 Victfis
1284 3065 1699 3152 frugalitatem
1748 3088 1886 3129 cum
1930 3068 2227 3130 munditia
2250 3069 2482 3134 dilexit.
2553 3080 2620 3144 ¹¹⁴
2657 3072 2804 3138 Fuit

334 3157 605 3242 corporis
633 3154 849 3217 babitu
875 3152 1049 3215 brevi
1073 3166 1135 3214 et
1161 3153 1396 3213 obesus·
1485 3150 1585 3213 De
1609 3152 1839 3233 ingenii
1865 3153 2351 3237 scriptorumque
2380 3156 2685 3239 elegantia
2710 3160 2803 3222 ni-

334 3241 417 3302 hil
443 3254 534 3303 est
561 3240 731 3324 quod
761 3239 984 3315 dicam,
1032 3237 1175 3299 cum
1203 3250 1294 3298 tot
1322 3235 1550 3298 saecula
1578 3257 1702 3298 non
1734 3237 1860 3299 sine
1900 3238 2306 3302 admiratione
2378 3242 2804 3308 raedicaverint

326 3325 597 3407 junctam
624 3326 706 3387 ab
736 3344 810 3387 eo
838 3322 904 3384 in
923 3322 1297 3384 carminibus
1320 3321 1728 3396 Anacreontis
1751 3323 2107 3385 suavitatem
2134 3345 2270 3385 cum
2357 3326 2553 3389 indari
2579 3330 2805 3394 virtute

335 3424 392 3472 et
417 3410 829 3473 sublimitate:
872 3407 939 3469 in
968 3407 1347 3469 sermonibus
1372 3405 1521 3469 vero
1551 3426 1686 3468 eam
1718 3406 2104 3470 dicacitatem
2134 3411 2453 3490 urbanam,
2501 3413 2623 3496 qufi
2651 3415 2804 3478 nihil

337 3494 608 3557 solertius
630 3506 695 3557 et
720 3492 1024 3575 sagacius.
1110 3490 1394 3554 Mortuus
1423 3504 1514 3552 est
1542 3509 1707 3553 anno
1738 3492 1933 3554 aetatis
1970 3498 2073 3555 57.
2157 3493 2531 3579 Erravitque
2565 3499 2803 3564 librarii

341 3599 549 3642 manus
585 3599 667 3642 ex
713 3577 1015 3640 Suetonio
1058 3576 1375 3638 scribentis
1409 3580 1510 3638 59.
1607 3586 1662 3620 ¹⁸
1697 3576 2043 3659 Augustum
2075 3578 2383 3642 haeredem
2412 3582 2618 3666 palam
2649 3603 2805 3648 nun-

338 3666 603 3748 cupavit.
692 3659 907 3726 Humo
952 3660 1234 3725 conditus
1274 3672 1364 3722 est
1403 3660 1692 3750 extremis
1729 3661 2046 3746 Esquiliis,
2079 3663 2268 3745 juxta
2303 3663 2664 3732 Maecenatis
2709 3683 2806 3734 tu-

344 3749 584 3812 mulum.
2385 3785 2390 3790 ·

400 3916 422 3964 ι
458 3916 626 3964 [ιιι
650 3915 1141 3965 sair-lamas.
1701 3918 1734 3962 9
1765 3916 1934 3965 Lim.
1958 3916 2140 3964 oms.
2164 3917 2542 3967 αιτιοι-ιο.
2565 3918 2784 3980 εραιι.

396 3977 946 4027 21ὣ.1.8ιι4ει6.
1668 3977 1727 4024 10
1758 3976 2287 4034 &hasa-amaa.

397 4040 430 4087 s
457 4040 675 4089 ιω.οφ
696 4039 844 4087 21.ss
985 4040 1057 4085 13.
1502 4081 1509 4094 ,
1671 4039 1722 4086 ιι
1759 4039 1863 4087 Lib.
1889 4041 1926 4086 1.
1957 4040 2123 4088 Saso.
2148 4042 2236 4089 Lib
2277 4042 2317 4100 l·
2347 4041 2503 4102 apt-t.
2527 4041 2597 4090 10.

398 4102 823 4151 staram-a
941 4099 1337 4162 ‚aspum-11
1672 4102 1730 4147 12
1767 4073 2378 4151 ευεωωηνεωυῶω.

399 4164 877 4276 ουῳιξρί-ιξ.
1675 4163 2063 4287 1312&ssoe
2108 4166 2186 4213 31.
2219 4163 2802 4215 naamam-t.

397 4234 1544 4338 ¹7tants.o‹¹i„¹⁸7¹.‘1,zus.o‹1.14.1³21.rsat⁹
1673 4286 2723 4347 14Lib.1.8at.31,tb.1.r.ptn.⁴.·s2⁰.

515 4352 787 4411 ,aaa
1308 4355 1313 4360 '
1373 4353 1379 4360 ’
1671 4350 1731 4396 16
1763 4349 2060 4400 8ηοοοο.οίῑ.
2138 4352 2148 4364 ‘

396 4410 433 4458 Ι
546 4413 878 4477 ἐἰμὴ-Ω-
1551 4459 1552 4464 ,
1628 4428 1710 4477 1⁴·
1939 4445 1942 4448 -
2057 4443 2064 4454 ·

452 4541 455 4548 ’
458 4410 556 4464 ἒ
