3032 4952
1039 188 1047 196 ,
1117 97 1493 166 menan
1540 96 2038 167 pam-Ano.
2598 113 2754 176 sos

308 254 430 342 tate
459 263 549 308 res
576 240 805 342 §atara
830 244 1166 308 vocabatur.
1222 244 1410 342 Cujus
1429 247 1668 332 generis
1694 247 1959 311 lancium
1989 260 2046 311 et
2075 245 2378 334 Virgilius
2398 248 2475 314 in·
2494 249 2756 339 Georgi·

307 351 391 393 cu
418 328 699 406 meminit,
728 327 854 390 ciam
876 327 984 390 hoc
1012 329 1182 392 modo
1208 330 1369 408 dicit,

645 450 949 514 Lancibns
978 463 1031 514 et
1049 451 1273 536 pandis
1283 452 1591 537 fimantia
1612 452 1906 517 reddimus
1934 463 2085 516 etta.

253 630 260 637 ο
314 531 401 598 Et
636 534 1109 620 —lancesque
1138 547 1192 625 et
1220 535 1341 599 liba
1353 535 1637 622 feremus.
2114 556 2117 557 ’

313 657 621 744 Deinceps
666 661 745 722 ad
791 659 914 722 alia
959 660 1344 723 miscellanea
1374 662 1665 724 translata
1693 673 1800 736 est.
1887 646 2049 726 Fest-
2082 660 2287 726 Satira
2313 663 2430 728 cibi
2447 687 2639 752 genus
2681 688 2757 731 a

312 743 493 806 variis
523 742 691 806 rebus
719 744 1032 806 conditum.
1117 743 1416 826 Migravit
1444 744 1583 808 inde
1612 748 1688 809 ad
1717 767 1809 823 ea,
1841 768 1979 829 quoe
2009 747 2220 809 mentis
2246 749 2555 831 etingmii
2578 764 2756 829 sunt;

312 849 453 889 nam
497 825 656 913 leges
706 825 963 905 Sat-uras
1008 829 1362 912 nuncuparu
1408 844 1451 906 t,
1490 851 1631 912 quae
1678 830 1854 913 plura
1899 831 2120 914 capita,
2159 846 2264 894 aut
2307 833 2505 916 plures
2548 834 2753 897 titulos

207 950 211 954 -
311 910 890 995 complectebantur,
937 925 1003 973 ut
1045 911 1230 997 legem
1274 910 1328 974 J
1386 913 1524 990 iam,
1560 913 1842 998 Papiam,
1878 913 2223 998 Poppaeam,
2262 936 2399 997 quae
2444 916 2760 980 dicebatur

312 994 591 1072 miscella,
646 996 808 1078 quod
839 996 997 1057 idem
1027 1010 1134 1073 est,
1166 1017 1238 1057 ac
1271 994 1497 1058 Satura
1514 1020 1542 1073 ,·
1572 998 1730 1060 unde
1758 998 2028 1081 profecta
2055 1012 2144 1060 est
2169 1013 2228 1060 et
2249 1000 2357 1061 illa
2379 999 2606 1062 locutio
2690 1020 2761 1063 er

315 1077 600 1142 Saturam
625 1076 1004 1164 legemserre,
1034 1081 1171 1141 cum
1203 1101 1326 1142 non
1355 1083 1586 1164 rogatis
1613 1104 1690 1144 ex
1717 1083 1925 1145 ordine
1949 1082 2362 1160 Senatoribus,
2388 1104 2510 1145 non
2533 1084 2630 1146 col
2654 1104 2755 1146 ec·

311 1164 406 1241 tis,
451 1184 562 1225 nec
588 1162 979 1225 dinumeratis
1003 1165 1326 1242 sententiiS,
1354 1187 1561 1228 omnes
1585 1167 1764 1251 simul
1787 1180 1846 1228 et
1868 1166 2206 1250 promiscue
2231 1168 2580 1229 sententiam
2607 1167 2756 1229 sere·

311 1250 481 1325 bant,
506 1247 671 1330 quod
690 1246 937 1331 proprie
966 1248 1281 1310 dicebatur
1303 1270 1411 1333 per
1437 1248 1721 1314 Saturam
1748 1251 2057 1313 sententias
2086 1250 2405 1334 exquirere,
2429 1252 2755 1334 quomodo

311 1346 452 1417 post
486 1331 742 1394 Laelium
773 1331 1007 1393 locutus
1035 1345 1126 1394 est
1154 1332 1492 1396 Sallustius,
1539 1334 1754 1417 Neque
1784 1335 1882 1396 hic
1911 1335 2337 1412 constiterunt3
2366 1336 2546 1398 etiam
2574 1331 2765 1397 libros

311 1416 609 1499 quosdam
659 1416 770 1478 hac
801 1437 881 1498 ap
925 1416 1209 1479 ellatione
1238 1418 1697 1501 insigniverunt,
1727 1433 1793 1480 ut
1819 1419 2185 1481 Pescennius
2213 1417 2446 1496 Festus,
2476 1419 2576 1502 qui
2606 1416 2755 1482 His-

312 1500 497 1563 torias
533 1498 786 1563 Saturus
816 1437 923 1563 vel,
935 1522 1045 1585 per
1077 1499 1359 1565 Saturam
1388 1504 1563 1564 nobis
1594 1502 1780 1565 dedit.
2068 1518 2073 1521 ’
2202 1550 2209 1557 -

396 1583 503 1648 Ex
551 1585 641 1647 his
671 1585 950 1648 omnibus
979 1586 1273 1670 exemplis
1318 1586 1483 1649 sacili
1506 1589 1658 1670 ,quis
1689 1587 1934 1670 negotio
1963 1587 2076 1649 sibi
2104 1587 2486 1671 persuadebit
2514 1584 2764 1651 Horatii

312 1691 504 1754 opera
548 1669 690 1732 hinc
736 1669 990 1732 traxisse
1030 1691 1272 1748 nomen,
1307 1670 1656 1756 Satira-sque
1704 1672 2054 1755 appellataS,
2087 1670 2247 1753 qubd
2277 1670 2470 1733 multis
2491 1676 2551 1733 'et
2580 1671 2755 1734 variis

310 1754 482 1817 rebus
511 1753 617 1817 hoc
646 1775 875 1817 carmen
902 1752 1176 1838 refertum
1204 1766 1362 1833 esset,
1389 1757 1698 1839 quomodo
1723 1757 1870 1819 dicit
1897 1755 2263 1841 Porphyrio.
2309 1755 2491 1836 Quod
2518 1756 2755 1837 quidem

247 1878 250 1881 ι
310 1862 389 1903 ex
420 1855 593 1925 parte
620 1860 828 1901 verum
858 1854 982 1901 est:
1012 1860 1163 1901 cave
1189 1841 1347 1903 enim
1373 1855 1565 1924 putes,
1589 1862 1799 1903 vocem
1827 1841 2005 1903 nullis
2027 1840 2529 1903 intercedentibus
2552 1840 2765 1921 gradi-

310 1926 446 2003 bus,
472 1924 575 2007 qui
604 1924 919 1987 transitum
996 1926 1311 2002 raeberent,
1336 1927 1533 1987 statim
1561 1926 1677 1988 huc
1703 1926 2022 1987 deductam
2046 1946 2062 1985 z
2091 1925 2219 2005 ejus
2242 1924 2629 2006 migrationes
2653 1944 2763 1986 an-

312 2010 601 2093 tiquiores
627 2022 802 2071 erant
831 2008 890 2070 in
985 2011 1072 2070 ias
1101 2030 1215 2085 res,
1240 2031 1389 2092 quas
1419 2010 1816 2094 propinquius
1841 2007 2091 2072 Horatii
2117 2008 2422 2071 Sermones
2446 2008 2762 2090 continge·

312 2107 463 2157 rent.
554 2095 652 2157 Ad
703 2113 884 2176 quam
916 2114 1040 2154 rem
1071 2094 1498 2177 explicandam
1539 2096 1672 2177 jam
1706 2094 2101 2176 accingimur,
2131 2114 2265 2155 eum
2297 2092 2552 2154 secuturi
2599 2093 2765 2155 ordi·

313 2200 472 2257 nem,
505 2178 605 2262 qui
637 2179 750 2262 ipsi
781 2178 1154 2242 Casaubono
1185 2179 1245 2240 in
1278 2195 1537 2240 mentem
1569 2201 1689 2240 non
1719 2179 1953 2241 videtur
1984 2179 2211 2240 venisse
2235 2199 2255 2256 3
2284 2177 2507 2261 quippe
2534 2197 2660 2239 rem
2690 2176 2768 2238 eit

313 2264 447 2326 luce
495 2263 821 2348 perfundit,
849 2276 918 2324 ut
963 2263 1132 2325 nulla
1179 2263 1438 2347 amplius
1485 2264 1770 2347 cuiquam
1817 2263 2189 2346 relinquatur
2236 2262 2314 2325 ad
2362 2261 2766 2351 dubitandum

313 2349 586 2411 materia.
1716 2402 1717 2405 ,
1973 2384 1981 2392 ·
2556 2352 2557 2355 ’

396 2432 664 2496 Romani
696 2433 832 2496 ct'tm
867 2432 1342 2517 quadringentos
1371 2432 1611 2496 circiter
1639 2453 1831 2496 annos
1862 2431 2151 2496 Scenicos
2178 2430 2351 2494 ludos
2395 2431 2765 2514 ignorarent,

310 2540 454 2581 casu
486 2518 627 2581 dum
659 2519 787 2581 dies
817 2518 996 2581 festos
1026 2540 1136 2602 per
1163 2518 1465 2580 licentiam
1497 2529 1558 2580 et
1585 2518 1892 2580 lasciviam
1925 2518 2243 2599 agitarent,
2275 2517 2336 2578 in
2383 2516 2609 2578 Versus
2650 2515 2766 2578 Sa·

311 2603 544 2667 turnios
574 2617 633 2666 et
655 2602 1068 2668 Fescenninos
1096 2602 1458 2680 inciderunt,
1488 2602 1592 2685 qui
1623 2617 1834 2687 postea
1858 2603 1921 2664 in
1951 2602 2161 2664 Scenis
2185 2623 2293 2685 per
2320 2614 2559 2663 centum
2590 2614 2650 2663 et
2675 2600 2765 2662 vi-

313 2688 471 2771 ginti
503 2688 628 2750 sere
660 2709 853 2750 annos
882 2687 1083 2750 locum
1115 2710 1287 2749 suum
1319 2688 1495 2750 tutati
1527 2701 1682 2750 sunt.
1833 2700 1837 2703 ’
2190 2731 2195 2736 «

396 2772 669 2835 Fuerunt
696 2774 791 2834 isti
823 2771 1050 2834 Versus
1080 2772 1338 2861 impoliti
1368 2791 1427 2834 et
1451 2773 1665 2856 parum
1699 2771 2020 2848 numerosi,
2049 2785 2258 2855 utpote
2287 2771 2611 2849 subitanei,
2632 2785 2692 2834 et
2731 2771 2770 2834 ὃ,

310 2858 542 2942 populo
571 2857 687 2919 susi
718 2858 916 2920 adhuc
945 2857 1082 2919 rudi
1110 2873 1171 2920 et
1201 2857 1442 2940 agresti,
1476 2857 1700 2939 quique
1746 2878 1868 2917 non
1915 2856 2098 2917 alium
2147 2856 2498 2936 magistrum
2547 2870 2766 2932 nosset,

313 2942 493 3026 quam
527 2943 810 3007 Cererem
840 2955 900 3004 et
926 2941 1268 3005 Bacchum.
1359 2942 1500 3004 Hoc
1532 2963 1725 3023 genus
1754 2940 2038 3002 carminis
2068 2940 2403 3024 implebant
2430 2939 2769 3015 cavillatio-

313 3048 420 3089 nes
448 3040 509 3090 et
535 3027 867 3112 opprobria
903 3027 1146 3104 rustica,
1178 3028 1462 3090 adhibitis
1503 3025 2081 3088 Gesticulationibus
2118 3039 2176 3086 et
2213 3024 2652 3086 Saltationibus
2689 3024 2769 3085 ri·-

313 3111 552 3174 diculis.
637 3112 794 3174 Rein
826 3111 1146 3194 intelliges,
1177 3112 1225 3173 si
1255 3113 1336 3173 ob
1367 3111 1577 3175 oculos
1607 3111 1715 3172 tibi
1742 3131 2047 3194 proponas
2076 3110 2271 3172 bonos
2299 3109 2374 3172 de
2399 3130 2564 3191 pago
2609 3108 2772 3170 viros

316 3196 674 3261 rusticorum
706 3218 872 3259 more
901 3196 1207 3274 saltantes,
1238 3218 1365 3259 sese
1393 3195 1605 3258 mutuo
1635 3194 2117 3279 extemporaneis
2146 3193 2435 3255 conviciis
2472 3194 2773 3256 insectan-

317 3295 428 3359 tes,
452 3303 646 3363 eaque
674 3282 737 3345 in
764 3282 1030 3344 vicesex
1081 3282 1384 3357 robanteS,
1417 3303 1673 3363 quorum
1704 3280 1858 3342 alius
1888 3279 1991 3341 alii
2022 3279 2248 3341 conscii
2279 3293 2433 3340 sunt.
2519 3276 2661 3341 Hoc
2684 3293 2772 3341 est

318 3366 488 3450 quod
517 3365 816 3430 Horatius
845 3365 995 3428 dicit
1082 3367 1221 3451 pist.
1258 3373 1311 3428 l.
1342 3366 1449 3428 lib.
1480 3366 1545 3429 ii.
1564 3388 1621 3428 v.
1663 3371 1799 3428 145.

651 3488 1019 3554 Fescennina
1036 3512 1154 3575 per
1180 3490 1334 3554 hunc
1362 3490 1598 3554 inventa
1626 3488 1863 3552 licentia
1892 3510 2104 3551 morem

664 3573 949 3638 Versibus
972 3574 1215 3638 alternis
1244 3574 1568 3661 opprobria
1596 3575 1815 3637 rustica
1845 3572 2035 3658 fudit.

315 3698 626 3763 Infrenam
658 3699 816 3761 hanc
845 3711 907 3760 et
932 3698 1320 3783 impotentem
1352 3700 1657 3762 licentiam
1689 3700 1925 3783 excepit
1955 3720 2081 3761 non
2107 3700 2190 3762 ita
2220 3701 2408 3764 multo
2440 3701 2576 3786 pbst
2620 3703 2776 3766 alins

318 3785 558 3866 generis
604 3805 871 3860 carmen,
907 3785 1259 3866 castigatius
1305 3785 1548 3867 quidem
1599 3784 1769 3860 illud,
1806 3785 1907 3846 sed
1958 3784 2234 3846 refertum
2285 3787 2463 3848 etiam
2511 3788 2777 3850 dicteriis

317 3870 396 3932 ad
421 3870 790 3932 movendum
814 3866 996 3929 risum
1023 3870 1411 3952 comparatiS,
1436 3870 1602 3951 quod
1628 3884 1826 3930 tamen
1854 3869 2000 3930 nihil
2027 3871 2413 3953 turpitudinis
2438 3872 2775 3950 admiserit;

315 3953 659 4039 comparuit
688 3953 804 4014 hoc
827 3972 1073 4032 carmen
1098 3954 1208 4015 sub
1235 3953 1459 4015 Satirae
1484 3954 1728 4015 nomine
1755 3954 1834 4015 ob
1861 3954 2210 4016 varietatem
2234 3976 2405 4016 suam
2431 3977 2449 4015 t
2479 3976 2618 4037 quae
2641 3955 2774 4037 qui-

299 4038 451 4100 ‘dem
478 4039 685 4101 Satira
714 4051 909 4099 certos
936 4037 1150 4099 habuit
1176 4037 1398 4114 modos,
1428 4038 1468 4100 i.
1501 4060 1554 4100 e.
1600 4039 1889 4099 musicum
1938 4053 1995 4100 et
2041 4055 2475 4119 congruentem
2522 4057 2775 4114 motum,

316 4122 598 4206 relegatis
622 4123 892 4204 gestibus
916 4121 1113 4182 minus
1136 4122 1417 4185 honestis,
1463 4121 1645 4184 Titus
1682 4121 1908 4199 Livius,
1933 4122 2037 4185 lib.
2068 4123 2171 4184 vii.
2203 4145 2339 4206 cap.
2370 4126 2428 4184 2.
2465 4121 2537 4184 V
2530 4143 2775 4183 ernacu-

313 4206 388 4270 lis
418 4206 761 4292 artificibus,
792 4205 936 4290 qnia
966 4203 1173 4268 Hister
1209 4205 1401 4268 Tusco
1430 4205 1602 4269 verbo
1635 4205 1839 4269 Ludio
1868 4205 2204 4283 vocabatur,
2236 4228 2441 4270 nomen
2472 4205 2776 4267 histrioni-

312 4294 427 4355 bus
460 4292 734 4370 inditum,
805 4290 871 4352 ui
897 4312 1037 4368 non,
1065 4289 1215 4352 sicut
1243 4299 1397 4369 ante,
1426 4289 1791 4356 Fescennino
1837 4313 2005 4353 versu
2049 4290 2291 4352 similem
2336 4290 2524 4351 incom
2567 4288 2775 4353 asilum

312 4378 518 4439 temere
565 4399 636 4439 ac
682 4398 754 4438 ru
800 4396 885 4437 em
914 4373 1159 4437 alternis
1188 4373 1514 4458 jaciebant,
1545 4377 1648 4438 sed
1674 4374 1940 4472 impletas
1969 4374 2155 4437 modis
2184 4374 2456 4451 Satur-as,
2529 4373 2777 4458 ascripto

296 4461 435 4547 jam
464 4460 547 4526 ad
574 4460 866 4525 tibicinem
897 4471 1093 4537 cantu,
1123 4468 1394 4546 motuque
1424 4471 1772 4546 congruenti
1805 4457 2201 4544 peragebant.
2257 4457 2404 4521 Non
2451 4457 2779 4528 abludebat
