3032 4952
859 400 1066 484 VIR!
1115 403 1424 484 CLARI
1470 405 1780 485 ANDR.
1825 403 2245 486 DAcERn

1031 654 2123 859 PRAEFATIO·

709 982 874 1082 IN
954 992 1648 1135 HORATI'I
1726 988 2410 1090 SATIRAS

645 1494 736 1547 D!
765 1502 1037 1547 oneum
1062 1503 1145 1546 1:²⁴
1176 1498 1553 1548 rnoeussu
1582 1500 1827 1544 unu
1855 1499 2155 1556 ΒΟΙΔΠΙ,
2184 1499 2269 1543 1:¹1·
2297 1499 2463 1554 QUA!

1174 1582 1588 1628 nuru-torus
1624 1580 1952 1627 sontum.

341 1704 747 1794 HORATH
797 1727 1035 1792 Satin-us
1061 1726 1300 1789 duobus
1330 1724 1536 1801 Libris
1564 1722 2048 1810 comprehensas,
2079 1747 2240 1791 nnnc
2272 1726 2579 1790 Sermones
2625 1748 2779 1791 nuuc

343 1814 600 1893 satiras,
632 1813 799 1876 nullo
829 1812 1171 1877 discrimine
1200 1809 1530 1896 appellavit
1559 1810 1724 1894 ipse:
1767 1811 1974 1873 verum
2007 1833 2189 1958 quum
2220 1809 2396 1875 Idem
2426 1812 2624 1874 modis
2652 1813 2776 1895 qui·

336 1898 590 1962 busdam
621 1898 933 1961 distinctas
983 1895 1198 1973 animo⁸
1214 1908 1646 1979 repraesentent
1672 1916 1746 1958 ea
1774 1898 2009 1959 vocabu
2040 1919 2096 1973 a,
2127 1918 2166 1958 o
2246 1918 2332 1959 rae
2361 1896 2616 1980 pretiu‘m
2659 1897 2781 1959 sac·

337 1997 502 2046 turus
524 1980 754 2059 videor,
779 1981 847 2059 si,
874 1981 1020 2064 quid
1041 1980 1270 2062 antiqui
1296 1978 1565 2042 Romani
1591 2000 1699 2063 per
1724 1977 1991 2043 Satin-am
2016 1980 2160 2042 intel
2184 1981 2439 2058 exerint,
2454 1998 2779 2065 exponam.

336 2067 579 2130 Primus
608 2066 987 2128 doctissimus
1015 2062 1436 2142 casaubonus,
1467 2078 1647 2146 atque
1677 2063 1830 2126 adeo
1860 2064 2022 2127 solus
2050 2064 2113 2127 in
2141 2087 2216 2128 eo
2245 2065 2495 2128 feliciter
2532 2086 2777 2149 operam

334 2152 554 2235 posuit,
585 2164 650 2212 ut
677 2151 1111 2213 demonstraret
1139 2168 1277 2231 quae
1322 2161 1382 2210 et
1409 2148 1606 2232 qualis
1633 2163 1787 2212 esset
1831 2148 2048 2212 Poesis
2079 2149 2363 2232 Satyrica
2402 2148 2779 2227 Graecorum,

332 2256 473 2317 quae
503 2234 708 2297 Satira
736 2234 1177 2297 Romanorum.
1230 2231 1346 2296 Est
1372 2232 1473 2296 ille
1500 2233 1655 2297 liber
1683 2234 1986 2317 quantivis
2014 2234 2230 2319 pretii:
2259 2255 2371 2296 nec
2401 2233 2660 2297 diffiteor
2687 2256 2781 2297 me

333 2319 476 2381 inde
504 2318 827 2403 plurimum
859 2318 1127 2400 adjutum
1158 2318 1356 2382 fuisse.
1931 2316 1939 2325 “

416 2402 538 2466 Hic
567 2403 726 2466 enim
756 2403 1116 2482 est'fructus,
1146 2424 1321 2488 quem
1352 2423 1428 2465 ex
1453 2401 1873 2465 excellentium
1914 2402 2183 2466 virorum
2228 2401 2543 2466 laboribus
2586 2404 2779 2489 perci·

330 2510 472 2573 pere
492 2490 777 2552 debemus
798 2512 814 2551 ε
844 2489 946 2572 qui
966 2489 1103 2552 ideo
1124 2488 1297 2551 nobis
1315 2488 1704 2573 praeiverunt,
1725 2502 1792 2550 ut
1813 2489 1877 2551 in
1902 2489 2104 2573 spissis
2128 2488 2497 2571 antiquitatis
2521 2490 2780 2552 tenebris

331 2574 522 2637 facem
555 2575 1011 2638 succedentibus
1040 2573 1410 2658 preferrent.
1463 2572 1611 2636 Non
1640 2586 1842 2635 tamen
1870 2573 1932 2636 in
1964 2573 2298 2658 superiores
2327 2573 2413 2635 ita
2440 2573 2603 2635 oculi
2633 2573 2781 2636 defi-

410 2658 536 2737 ndi,
568 2669 634 2722 ut
660 2682 772 2745 pro
817 2660 921 2725 riis
949 2659 1127 2722 etiam
1159 2658 1461 2741 gressibus
1492 2680 1614 2720 non
1646 2658 2071 2721 attendamus:
2127 2680 2237 2742 per
2264 2657 2399 2720 illas
2427 2658 2585 2720 enim
2618 2658 2783 2720 ince-

325 2681 481 2826 ffiint
510 2744 753 2828 aliquan
800 2767 838 2806 o
867 2744 1126 2822 semitas,
1157 2744 1218 2806 in
1245 2744 1462 2826 quibus
1486 2765 1612 2806 non
1635 2757 1825 2805 tutum
1853 2743 1929 2805 sit
1950 2764 2052 2805 eos
2076 2742 2281 2825 sequi:
2311 2741 2373 2805 id
2399 2743 2563 2825 quod
2582 2758 2644 2805 et
2663 2765 2781 2825 ego

331 2829 427 2892 hic
458 2828 616 2907 cavi,
646 2850 810 2914 saepe
834 2829 963 2890 vias
992 2830 1206 2914 parum
1239 2829 1404 2891 tritas
1434 2842 1689 2905 secutuS‚
1720 2841 1785 2890 ut
1814 2827 1875 2889 in
1906 2848 2229 2910 progressu
2304 2828 2509 2890 atebit.

417 2913 526 2977 Est
556 2929 752 2977 autem
786 2913 990 2976 Satira
1020 2914 1299 2996 quaedam
1333 2911 1605 2975 Poiiseos
1634 2912 1864 2997 species
1894 2911 2027 2974 aliis
2056 2913 2234 2994 quam
2333 2913 2567 2974 omanis
2608 2934 2781 2995 pror·

327 3021 429 3062 sus
459 2999 794 3082 incognita,
824 3019 933 3060 nec
959 2997 1084 3060 ulla
1112 3019 1247 3059 cum
1280 2997 1563 3080 Satyrica
1595 2996 1952 3059 Graecorum
1989 2996 2172 3143 poesi
2218 2996 2588 3079 cognatione
2634 3018 2781 3060 con·

329 3085 558 3162 iuncta,
588 3105 728 3166 quae
758 3099 957 3145 tamen
988 3080 1365 3164 quorundam
1396 3083 1716 3144 doctorum
1749 3081 1957 3166 opinio
2013 3081 2119 3143 uit.
2172 3115 2175 3116 ⁷
2207 3080 2621 3163 Quintilianus
2650 3104 2780 3144 om-

330 3190 461 3231 nem
494 3168 944 3231 dubitationem
961 3166 1136 3244 tollit,
1161 3166 1297 3229 cum
1328 3166 1538 3229 scribit
1565 3165 1700 3228 Lib.
1732 3166 1772 3229 i.
1803 3188 1939 3250 cap.
1978 3170 2072 3229 10.
2162 3164 2370 3230 Satira
2394 3164 2627 3250 quidem
2656 3177 2779 3229 tota

327 3271 526 3315 nostra
575 3263 675 3315 est.
761 3250 913 3315 Inde
957 3265 1046 3313 est
1090 3252 1254 3337 quod
1301 3250 1598 3316 Horatius
1644 3250 1774 3314 Sat.
1827 3256 1923 3315 10.
1956 3250 2099 3314 Lib.
2129 3250 2169 3314 i.
2200 3272 2324 3313 ver.
2354 3255 2456 3314 66.
2553 3250 2777 3315 Graecis

309 3335 605 3400 *intactum
634 3358 863 3400 carmen
893 3337 1149 3399 dixerat.
1868 3405 1873 3410 .
2548 3371 2553 3386 .

307 3435 312 3446 “
410 3419 575 3484 Ecce
604 3422 711 3485 tibi
818 3442 1090 3484 rmanam
1122 3420 1298 3502 hujus
1325 3421 1495 3483 vocis
1518 3420 2022 3505 Etymologiam:
2052 3419 2259 3483 Latini
2292 3418 2577 3482 Saturum
2607 3443 2777 3484 usur·

367 3508 555 3568 abant
578 3528 689 3588 pro
702 3443 905 3592 Ρῗηο,
925 3505 1020 3567 cui
1046 3506 1124 3569 ad
1149 3504 1577 3588 perfectionem
1604 3505 1752 3568 nihil
1777 3507 2042 3568 deesset:
2072 3505 2214 3567 hinc
2242 3503 2429 3572 Satur
2451 3503 2615 3567 color
2637 3506 2774 3568 cum

325 3528 467 3672 fana
495 3591 761 3654 colorem
793 3591 972 3675 plene
1001 3591 1546 3674 combibisseqnec
1617 3590 1898 3673 nicquam
1931 3592 2009 3652 ad
2039 3590 2359 3652 tincturam
2391 3589 2575 3671 adjici
2601 3603 2776 3674 potu·

323 3690 480 3739 tsset.
526 3675 627 3739 Ex
657 3674 844 3740 Satur
866 3677 1087 3739 factum
1117 3673 1365 3753 Satura,
1391 3676 1554 3759 quod
1634 3675 1793 3737 atim
1814 3675 1995 3737 etiam
2021 3674 2175 3758 peri
2197 3674 2545 3751 efferebant,
2568 3696 2775 3756 quem·

322 3761 650 3824 admodum
681 3760 965 3823 maximas
991 3774 1049 3822 et
1076 3781 1398 3838 maxumas,
1427 3771 1698 3845 optumus
1726 3773 1786 3822 et
1811 3758 2083 3844 optimus.
2167 3757 2286 3822 Est
2312 3758 2499 3842 igitur
2535 3757 2620 3822 Ν
2612 3781 2772 3822 omen

318 3845 709 3931 Adjcctivum,
771 3846 893 3907 uod
913 3845 1261 3945 relationem
1287 3845 1471 3907 habet
1493 3846 1572 3908 ad
1601 3842 2042 3907 Substantivum
2064 3843 2427 3906 intellectum
2452 3844 2774 3928 :dicebant

318 3952 699 4103 5331&ss
723 3927 2194 4114 1,3323Zss⁰ss¹22252oefdm·oeffi³ez‘g”gssffs
2217 3926 2443 4076 {1¹33
2454 3927 2775 4095 4⁶35..ae

318 4118 380 4164 et
407 4100 682 4178 Baccho,
712 4113 780 4163 ut
808 4099 987 4161 totius
1018 4100 1160 4161 anni
1191 4114 1593 4184 proventuum
1625 4098 1942 4183 primitias,
1973 4099 2187 4161 offerre
2216 4097 2494 4160 solebant
2511 4119 2546 4177 ;¹
2576 4098 2776 4180 cujus·

322 4187 487 4249 modi
517 4185 856 4248 oblationes
883 4204 960 4245 ex
986 4183 1171 4245 variis
1216 4185 1542 4265 generibus
1577 4185 1733 4246 inter
1770 4204 1834 4245 se
1870 4183 2135 4247 confusis
2171 4203 2294 4245 non
2329 4195 2505 4244 erant
2540 4182 2774 4245 Graecis

321 4272 570 4334 omnino
595 4269 947 4351 incognitae,
1010 4266 1066 4327 ul
1087 4288 1189 4330 eas
1208 4269 1604 4353 appellabant
1623 4293 1907 4345 παγκαςτω
1933 4266 2123 4336 Smer,
2148 4291 2493 4342 πανστορμιαυ.
2515 4281 2575 4329 et
2605 4267 2666 4330 in
2693 4268 2775 4330 le-

320 4356 668 4436 guminibus
691 4356 940 4422 cardam.
1036 4351 1301 4417 iomedes
1339 4352 1788 4419 Grammaticus
1824 4355 2109 4418 accurate
2157 4368 2218 4417 et
2248 4355 2422 4417 hunc.
2457 4353 2774 4416 Romano·

320 4460 450 4502 rum
484 4461 711 4502 morem
741 4453 801 4502 ct
843 4437 1012 4503 vocis
1043 4434 1280 4500 Satura.
1310 4452 1588 4502 naturam
1618 4440 1950 4538 explicavit
1978 4437 2534 4516 his‘verbissLanoe
2560 4435 2775 4521 referta

318 4522 499 4585 uariis
526 4522 836 4609 multisque
867 4520 1157 4610 primitiis
1188 4521 1394 4586 Sacris
1432 4521 1668 4587 Cereris
1695 4523 2075 4610 mser-ebatur,
2105 4534 2160 4588 et
2188 4524 2226 4588 ὰ
2272 4521 2443 4609 sopiti
2472 4535 2534 4586 et
2560 4522 2773 4586 saturi·
