3032 4952
1136 155 1511 223 ΕΡοΒοΝ
1557 158 1859 253 mmm
1905 163 2030 228 od.
2074 169 2137 229 5.

395 318 406 323 “
443 300 694 368 Othone
723 315 1093 388 contempto,
1124 304 1308 368 sedet.

359 384 533 469 Quid
561 388 778 451 attinet
807 402 897 452 tot
919 410 1032 452 ora
1060 390 1311 452 navium
1332 392 1513 473 gravi

446 468 746 535 Rostrata
768 474 909 535 duci
933 473 1204 557 pondere

362 554 606 619 Contra
631 558 898 620 latrones
921 571 1104 641 atque
1128 558 1405 621 servilem
1431 581 1701 640 manum,

447 639 612 719 Hoc,
642 642 781 721 hoc,
811 641 1098 705 Tribuno
1128 642 1438 708 militum?
1530 692 1540 702 .

2704 183 2832 245 263

2028 316 2105 377 16
2124 330 2273 402 sedet,
2294 328 2481 379 Othone
2502 341 2678 392 spreto.
2708 338 2830 390 Quid

2114 400 2254 463 Juvat
2282 396 2430 464 serata
2466 402 2621 442 rostra
2655 405 2726 445 tot
2747 415 2812 447 ua

2124 466 2252 498 vtum
2290 455 2466 515 ing-enti
2506 459 2830 518 magnitudine

2129 514 2270 574 dirigi
2319 517 2543 564 adversus
2584 523 2831 578 predones

2131 585 2179 621 et
2216 590 2456 623 servorum
2497 587 2693 638 turmas,
2726 583 2832 640 isto,

2030 653 2116 713 20
2133 637 2240 744 isto,
2258 636 2480 746 ΔΞίιᾳιιιιυι,
2497 642 2693 689 militum
2715 659 2813 703 pru

2153 709 2257 746 ecto

804 855 993 921 ODE
1037 855 1121 921 V.
1207 856 1305 922 IN
1351 857 1802 966 CANIDIAM
1844 859 2401 928 VENEFICAM.

365 1011 537 1112 AT,
567 1033 607 1097 ὃ
635 1033 912 1098 Deorum
943 1035 1234 1120 quicquid
1264 1036 1324 1098 in
1355 1000 1515 1100 coelo
1545 1036 1706 1121 regit

448 1117 681 1181 Terras
711 1132 772 1182 et
800 1120 1132 1183 humanum
1163 1142 1376 1204 genus,

257 1186 264 1191 ’
365 1202 539 1287 Quid
570 1204 680 1266 iste
710 1205 823 1267 sert
851 1204 1187 1269 tumultus?
1217 1206 1345 1268 Aut
1372 1206 1520 1289 quid
1549 1194 1821 1269 omnium
1881 1196 1889 1201 ’

453 1287 677 1350 Vultus
705 1289 768 1351 in
797 1310 983 1351 unum
1013 1311 1108 1352 me
1137 1289 1386 1354 truces?

366 1372 494 1436 Per
519 1372 744 1436 liberos
771 1387 850 1451 te,
880 1375 931 1436 si
958 1389 1181 1438 vocata
1209 1377 1502 1461 partubus

453 1456 697 1521 Lucina
721 1458 879 1521 veris
908 1459 1117 1539 affuit3

366 1541 493 1606 Per
521 1543 638 1605 boc
665 1543 847 1605 inane
868 1565 1161 1628 purpurae
1189 1544 1374 1607 decus
1395 1565 1634 1629 precor,

451 1626 579 1690 Per
605 1627 1090 1711 improbaturum
1119 1629 1255 1691 haec
1281 1627 1521 1707 Iovem,

368 1710 540 1795 Quid
564 1724 633 1775 ut
653 1722 920 1776 noverca
947 1734 1044 1776 me
1073 1714 1342 1794 intueris,
1373 1728 1476 1778 aut
1498 1714 1587 1777 uti

2220 1009 2333 1069 Sed,
2367 1011 2398 1056 ὁ
2434 1013 2658 1071 Numina,
2702 1025 2818 1076 quot

1978 1059 2114 1135 [44⁴]
2134 1080 2252 1132 quot
2294 1073 2343 1120 in
2401 1075 2522 1121 coelo
2566 1079 2836 1136 gubernatis

2131 1135 2260 1181 hunc
2301 1137 2464 1181 orbem
2505 1146 2647 1210 atque
2688 1140 2838 1189 humi·

2130 1211 2234 1253 nes,
2263 1197 2380 1256 quid
2400 1197 2490 1244 sibi
2511 1200 2613 1246 vult
2627 1199 2704 1246 ille
2720 1210 2836 1249 stre·

2130 1259 2284 1317 pitus!
2334 1258 2421 1305 Vel
2444 1275 2667 1318 quorsum
2691 1262 2837 1310 facies

2130 1321 2342 1366 omnium
2379 1319 2570 1367 marum
2608 1328 2840 1384 apparent

2072 1382 2112 1439 5
2130 1382 2360 1428 terribiles
2396 1383 2620 1431 adversus
2655 1399 2731 1430 me
2764 1400 2840 1432 so-

2132 1444 2258 1490 lum!
2293 1444 2362 1491 Te
2391 1459 2477 1490 oro
2510 1459 2597 1504 per
2629 1446 2767 1503 filios,
2795 1447 2838 1494 si

2133 1504 2296 1552 Diana
2308 1506 2460 1552 adsuit
2472 1506 2594 1554 veris
2607 1510 2837 1567 partubus

2131 1568 2381 1625 invocata;
2411 1582 2498 1627 per
2518 1584 2693 1616 vanum
2713 1569 2839 1617 istud

2132 1629 2318 1690 insigne
2352 1644 2600 1689 purpure:
2634 1645 2720 1689 per
2753 1631 2838 1678 Jo-

2133 1706 2241 1738 vem
2254 1691 2370 1738 talia
2389 1694 2837 1741 condemnaturumz

2134 1768 2283 1812 quare
2305 1768 2382 1799 me
2403 1753 2576 1813 aspicis
2597 1756 2733 1815 quasi
2753 1767 2837 1804 no·

2131 1829 2290 1874 verca,
2321 1816 2398 1862 vel
2420 1825 2486 1873 ut,
2868 1816 2875 1825 ‘

1325 1939 1514 1987 ΔΝΝΟ
1522 1938 1605 1987 ΤΔ
1612 1937 1869 1987 ΤΙΟΝΕΒ.

1124 2062 1181 2110 Ι..
1210 2062 1411 2110 Roscius
1449 2063 1576 2110 otho
1636 2063 1742 2125 ejus
1764 2063 2105 2121 cavillationes,
2127 2026 2296 2123 lector,
2314 2080 2564 2127 cognosce,
2593 2066 2842 2129 etjndica,

434 2063 508 2110 1⁶.
545 2061 722 2110 Othone
760 2063 1060 2171 attempta]

371 2125 611 2173 Tribunus
642 2125 793 2185 plebis
815 2126 971 2187 legum
991 2134 1043 2180 tu
1061 2133 1181 2182 erat,
1202 2123 1295 2183 qui
1313 2125 1510 2173 Nobiles
1526 2126 1576 2172 in

374 2188 587 2235 Theatm
624 2186 654 2235 a
685 2188 885 2235 Plebeiis
917 2187 1126 2248 separati
1169 2188 1384 2234 aderant.
1447 2187 1577 2235 Hinc

362 2249 587 2297 Juvenal.
612 2249 712 2297 Sat.
735 2249 800 2296 iii.
823 2251 925 2296 150.

369 2370 520 2420 Porro
539 2374 619 2420 lex
639 2375 810 2421 eadem
832 2375 1026 2421 vetabat
1046 2373 1269 2433 Etwitem
1294 2373 1413 2429 fleri,
1446 2388 1504 2420 ac
1527 2371 1576 2419 in

367 2435 597 2496 sudibus
625 2435 976 2496 Amphitheatri
1005 2435 1365 2496 quatuordecim
1408 2437 1577 2483 sedere

327 2531 330 2532 γ
363 2511 497 2554 eum,
521 2499 600 2547 cui
628 2499 703 2545 vel
725 2500 849 2558 patri
881 2498 987 2561 ejus
1009 2513 1194 2557 avoque
1224 2514 1323 2545 nou
1344 2499 1576 2545 adfuisset

361 2614 367 2620 ⁴
429 2560 601 2607 uestris
632 2575 819 2618 census,
842 2561 891 2609 id
911 2569 1002 2618 est,
1022 2561 1376 2622 quadringenta
1405 2568 1574 2607 sester-

388 2622 399 2633 ⁰
517 2622 682 2670 nmis.
746 2623 1168 2670 Atnihilotamen
1206 2621 1574 2683 minu-itaju-

364 2685 510 2732 bente
532 2685 754 2745 Principe
786 2686 989 2743 tempori
1010 2686 1201 2744 quidem
1238 2685 1489 2741 serviente,
1522 2693 1575 2731 ut

363 2746 485 2802 dixi,
508 2747 681 2796 Menas
701 2762 1004 2806 nequaquam
1043 2747 1292 2807 ingenuus,
1318 2746 1427 2808 jam
1457 2761 1574 2804 opu·

335 2855 340 2860 .
364 2808 542 2865 lenuis,
558 2808 833 2869 contempta
848 2809 1046 2857 Othonia
1067 2810 1189 2870 lege,
1219 2808 1380 2868 Eques
1403 2809 1576 2864 sactus,

365 2869 466 2917 imo
487 2879 536 2918 et
558 2871 813 2928 Tribunus,
844 2871 998 2931 prima
1020 2872 1188 2918 sedilia
1219 2872 1268 2917 in
1289 2871 1575 2930 spectaculis

325 2967 330 2972 -
356 2935 656 2992 ,occupabam
672 2948 947 2993 quanquam
964 2936 1025 2980 ab
1044 2934 1099 2980 iis
1115 2933 1424 2995 dignitatibus
1442 2948 1576 2980 arce·

368 2996 545 3042 bantur
566 2996 720 3042 liberti
745 3005 886 3055 atque
908 2996 1130 3044 libertini.

435 3058 504 3105 Π.
537 3057 666 3116 Quid
685 3057 869 3113 alliud,
885 3057 992 3118 δια]
1019 3057 1212 3119 Ergone.
1225 3065 1397 3105 contra
1416 3072 1572 3104 servo·

366 3132 474 3166 ruta
496 3128 547 3166 et
573 3122 849 3180 predonum
871 3120 1127 3167 exercimm
1156 3121 1389 3167 instruere
1409 3120 1573 3179 copias

365 3183 563 3228 navales
583 3190 773 3242 oportet
801 3182 1016 3238 Menam,
1035 3183 1114 3243 qui
1137 3191 1184 3229 et
1207 3182 1309 3241 ipse
1331 3184 1493 3241 praedo
1524 3191 1575 3229 et

366 3258 530 3290 servm
553 3243 582 3290 a
609 3242 777 3290 natura
799 3245 971 3301 factm,
992 3260 1086 3291 non
1111 3245 1178 3290 ita
1201 3245 1384 3302 pridem
1406 3260 1571 3291 eorum

364 3305 465 3352 dux
488 3305 604 3353 fuit?
638 3305 761 3353 Sunt
775 3307 856 3366 qui
872 3307 1144 3353 existiment
1164 3307 1293 3366 loqui
1318 3306 1573 3353 Horatium

364 3368 428 3413 de
466 3366 675 3429 fugitivis
703 3382 823 3426 quos
844 3370 907 3415 ad
940 3384 1078 3415 artua
1106 3377 1359 3415 vocaverat
1398 3368 1571 3416 Sextus

367 3428 639 3489 Pompeius,
669 3439 718 3478 et
754 3432 922 3489 quilnis
945 3431 1208 3477 Tribunum
1236 3431 1428 3484 Menam
1453 3446 1571 3489 prae-

364 3490 560 3538 secent.
638 3493 699 3540 At
732 3493 809 3542 alii
844 3490 1007 3539 metitis
1046 3492 1314 3553 intellig-unt
1348 3492 1570 3551 reliquias

364 3553 601 3602 exercitus
624 3554 756 3601 Sexti
780 3553 1010 3613 Pompeii,
1027 3567 1146 3613 quas
1169 3554 1325 3601 Mente
1340 3555 1492 3600 vductu
1523 3563 1569 3601 et
1602 3585 1607 3596 -

364 3615 633 3677 oper-ajam
650 3617 798 3663 victor
823 3618 1062 3676 Augustus
1084 3619 1468 3676 persequebatur.

423 3678 634 3725 Narium
647 3677 1041 3740 gravipomiere]
1077 3678 1206 3726 Vide
1218 3678 1374 3738 Epod.
1403 3680 1440 3725 1.
1459 3694 1504 3725 v.
1531 3679 1571 3727 1.

365 3737 521 3798 ibique
537 3742 713 3787 Annot.

424 3803 502 3850 ΣΕ).
536 3802 761 3860 Homnae,
779 3801 987 3850 Τήὸιιπο
1003 3802 1247 3863 militum]
1285 3802 1570 3850 Plutarchus

361 3863 473 3911 ante
487 3866 620 3912 citat.
642 3866 814 3924 ubique
832 3865 1037 3924 piratam
1056 3874 1193 3911 vocat
1214 3865 1424 3911 Menam.
1465 3865 1569 3912 Tm·-

362 3924 480 3974 bmts'
509 3926 715 3974 militum
750 3928 955 3973 officium
986 3934 1089 3972 erat
1119 3927 1290 3972 milites
1319 3927 1367 3972 in
1400 3927 1568 3972 castris

360 3989 623 4045 continere,
664 3999 713 4035 et
747 3991 810 4035 ad
847 3988 1234 4035 exercitationem
1273 3989 1567 4046 producere3

360 4051 519 4096 claves
550 4060 796 4110 portarum
820 4051 1088 4108 suscipere3
1119 4049 1301 4110 vigilias
1333 4049 1569 4096 interdum

359 4111 637 4169 circumire;
695 4112 1140 4159 frumentationibus
1192 4112 1567 4157 commilitonum

358 4171 611 4232 haeresem
636 4177 924 4221 snunentum
949 4175 1175 4234 probare3
1199 4173 1415 4218 fraudem
1438 4188 1567 4219 men·

358 4247 519 4282 sorum
542 4244 786 4293 coer-cerm
819 4237 1019 4283 militum
1041 4236 1259 4294 querelas
1281 4235 1462 4291 audire,
1484 4236 1566 4281 de-

358 4295 472 4343 licta
491 4298 746 4359 castigare,
769 4298 855 4345 hc.

422 4359 525 4405 Ode
557 4360 885 4408 V.-Metrum
910 4360 1034 4405 idem
1057 4359 1184 4417 quod
1207 4357 1362 4415 Epod.
1384 4358 1424 4404 1.

407 4420 464 4466 -l-
495 4422 573 4478 ΔΙ,
589 4424 619 4469 ό
640 4422 888 4481 Deorum]
922 4422 1076 4467 Julius
1096 4420 1325 4479 Scaliger,
1357 4420 1429 4466 vir
1450 4420 1565 4467 alio·

356 4481 441 4539 qui
476 4497 705 4540 summus,
745 4484 871 4544 (quis
900 4485 1066 4529 credat
1079 4483 1118 4542 ?)
1145 4482 1268 4528 hanc
1291 4482 1424 4529 Oden
1459 4496 1563 4540 pes·

356 4542 475 4592 ιιωι
516 4545 767 4605 mutum,
808 4544 1012 4623 pent-124
1048 4544 1241 4607 capuit.
1341 4543 1565 4606 singu-2

1638 2128 1702 2173 ad
1724 2127 1832 2173 loca
1859 2126 2048 2187 singula
2068 2128 2261 2183 relatas,
2283 2143 2358 2183 ac,
2375 2128 2422 2174 ni
2437 2129 2594 2185 fallor,
2609 2129 2754 2189 probe
2768 2131 2839 2178 di·

1638 2189 1778 2235 lutas.
1842 2190 1907 2235 At
1927 2198 2200 2236 remtotam
2223 2190 2475 2249 diligenter
2505 2191 2616 2251 ante
2651 2193 2836 2252 accipe:

1637 2264 1727 2297 nec
1744 2251 1872 2297 enim
1888 2260 2020 2297 caret
2039 2251 2408 2307 difficultatibus,
2424 2260 2473 2298 et
2487 2254 2704 2311 quaedam
2725 2252 2839 2301 san&

1638 2314 1907 2371 supplenda
1922 2328 1983 2359 ex
2003 2328 2254 2386 magorum
2276 2313 2512 2361 institutis.
2577 2315 2693 2362 Haec
2714 2330 2821 2363 sum

1638 2389 1721 2420 ma
1751 2383 1839 2421 est.
1908 2373 2209 2420 Conveniunt
2239 2376 2301 2420 ad
2339 2376 2616 2423 veneficium
2638 2385 2835 2436 quatum

1638 2450 1785 2497 sagn,
1807 2450 2009 2497 quarum
2027 2435 2492 2497 Canidiassprinceps,
2514 2452 2621 2498 quae
2642 2438 2840 2496 Varum,

1636 2514 1745 2546 suos
1777 2513 1965 2546 amores
1975 2507 2296 2557 spernentem,
2313 2500 2492 2558 ulcisci,
2522 2501 2744 2561 illumque
2776 2504 2841 2549 ad

1634 2575 1688 2607 ae
1702 2561 1892 2607 trabere
1906 2575 1993 2619 per
2009 2560 2365 2608 incantamenta
2379 2565 2641 2623 satagebat.
2674 2563 2841 2623 Itaque

1637 2622 1842 2681 primum
1857 2636 1917 2667 ex
1935 2621 2121 2668 elixati·
2136 2628 2237 2668 tum
2254 2621 2430 2678 herbis,
2451 2632 2550 2669 tum
2573 2624 2677 2672 aliis
2698 2627 2838 2672 rebus

1637 2692 1930 2744 unguentum
1952 2698 2036 2729 seu
2058 2684 2367 2742 pharmacum
2389 2686 2608 2744 conficit,
2629 2686 2839 2746 illudque

1638 2746 1833 2793 adhibet
1865 2746 1927 2791 ad
1959 2759 2147 2791 ceream
2170 2744 2284 2791 Vari
2309 2745 2581 2807 imaginem,
2602 2762 2747 2806 quam
2778 2749 2840 2795 de

1639 2823 1769 2854 more
1792 2807 1887 2854 illic
1904 2806 2069 2853 statuit
2085 2809 2445 2867 supponendam
2462 2822 2475 2864 ;
2498 2819 2604 2855 rata
2619 2807 2840 2856 nimirum

1639 2870 1836 2928 perinde
1868 2870 1916 2915 in
1940 2869 2118 2915 Varum
2141 2884 2300 2929 agere,
2322 2884 2379 2915 ac
2400 2870 2440 2915 si
2462 2871 2664 2926 adesset,
2684 2879 2734 2917 et
2754 2887 2839 2917 un·

1641 2940 1820 2993 guento
1851 2932 1932 2978 illo
1957 2931 2057 2990 ipse
2089 2932 2466 2990 perfunderetur.
2529 2933 2594 2979 At
2609 2931 2717 2980 cum
2739 2933 2839 2980 ani·

1637 2994 1891 3041 madvertit
1907 2993 2114 3040 Canidia
2127 2994 2255 3051 prius
2270 2992 2360 3039 boc
2378 2992 2531 3039 minus
2548 2994 2747 3042 valuisse
2770 2994 2840 3043 in·

1635 3066 2010 3113 cantamentum,
2035 3054 2163 3115 qubd
2196 3054 2347 3101 Varus
2370 3057 2617 3117 contrariis
2631 3072 2682 3103 se
2698 3057 2839 3116 phar·

1636 3119 1785 3164 macis
1820 3118 2172 3176 proemunisset;
2208 3126 2307 3163 tum
2338 3116 2450 3164 verb
2479 3119 2677 3165 alterum
2699 3129 2840 3179 parat

1634 3181 1890 3237 efficacius,
1911 3195 1967 3228 ac
1984 3181 2112 3227 velut
2133 3188 2398 3226 extremum
2422 3181 2697 3240 remedium,
2717 3181 2838 3228 scili·

1636 3255 1712 3288 cet
1745 3244 1971 3302 philtrum
1993 3258 2075 3290 seu
2097 3243 2340 3301 potionem
2373 3243 2654 3289 amatoriam
2684 3243 2712 3290 ὲ
2741 3258 2838 3291 me·

1635 3306 1775 3351 dullis
1798 3315 1846 3351 et
1867 3304 2035 3366 jecore
2058 3305 2192 3364 pueri
2223 3315 2364 3352 terra:
2398 3304 2581 3362 infossi,
2614 3319 2755 3363 quem
2776 3320 2839 3352 ex

1637 3366 1795 3413 inedia
1816 3369 2151 3413 contabescere
2169 3375 2218 3412 et
2234 3369 2453 3426 expirare
2477 3368 2672 3413 iaciunt.
2717 3367 2837 3415 Haec

1633 3430 1797 3476 omnia
1831 3427 1973 3488 porro
2007 3428 2123 3475 mire
2144 3430 2370 3476 describit
2399 3443 2456 3474 ac
2480 3428 2607 3476 varie
2638 3438 2838 3480 exomat

1634 3490 1798 3537 Poeta.
1861 3492 1890 3535 J
1896 3506 1973 3537 am
1995 3490 2186 3550 singula
2208 3491 2527 3550 inspiciamus.

1695 3557 1741 3601 3.
1782 3552 1905 3612 Quid
1933 3553 2009 3599 iste
2029 3554 2133 3615 sert
2164 3554 2428 3600 tumidius?
2450 3553 2560 3614 δια]
2594 3552 2838 3601 inducitur

1634 3615 1832 3675 loquens
1856 3631 1989 3673 put-r,
2010 3630 2152 3674 quem
2176 3617 2397 3662 venefico
2422 3615 2509 3662 ‘111ae
2533 3625 2721 3675 raptum
2743 3624 2835 3663 ter·

1634 3692 1698 3723 τω
1720 3678 1933 3725 infodere
1957 3685 2146 3735 parant,
2182 3678 2245 3722 ad
2266 3679 2610 3724 conficiendum
2637 3693 2698 3723 ex
2731 3676 2837 3738 ejus

1633 3739 1867 3786 intestinis
1885 3738 2127 3797 philtrum,
2148 3755 2231 3785 seu
2256 3741 2429 3787 amoris
2449 3740 2685 3798 poculum.
2717 3732 2834 3785 Tru·

1618 3802 1846 3848 -culentas
1869 3799 1980 3848 vero
2003 3801 2149 3847 facies
2172 3816 2490 3873 expavescens
2514 3802 2604 3847 ista
2625 3802 2821 3859 profert.

1693 3865 1739 3909 5.
1776 3862 1828 3908 si
1860 3867 2017 3911 vocata
2041 3862 2269 3924 partubus
2300 3863 2481 3910 Lucana
2515 3861 2635 3910 veris
2653 3859 2833 3922 qffuit]

1632 3923 1751 3971 Haec
1784 3926 1867 3982 ait,
1889 3926 2116 3984 quoniam
2146 3925 2468 3985 supposititios
2486 3926 2624 3970 soetus
2643 3924 2837 3969 alebant

1630 3986 1867 4033 inte-dum
1900 3988 2118 4032 veneficae
2158 3988 2221 4033 ad
2253 4003 2343 4034 sua
2375 3988 2605 4033 scelerata
2637 3983 2835 4030 consilia

1630 4047 1783 4095 utiles.
1848 4048 1967 4094 Vide
1992 4048 2144 4106 Epod.
2172 4049 2241 4097 17.
2281 4052 2456 4096 Annot.
2489 4049 2552 4093 ad
2574 4060 2656 4092 eas
2679 4059 2835 4101 voces,

1605 4121 1608 4128 ·
1628 4115 1786 4158 verder
1832 4108 2100 4156 meumeim.

1691 4173 1734 4220 6.
1811 4171 1991 4232 urina]
2027 4170 2081 4217 ln
2118 4180 2260 4231 partu
2304 4171 2617 4217 invocabatur
2657 4166 2835 4224 Diana,

1627 4241 1682 4279 ut
1714 4230 1900 4280 adesset
1923 4242 2022 4279 tum
2056 4234 2353 4290 parturienti,
2375 4240 2476 4278 tum
2510 4229 2761 4289 prodeunti
2785 4229 2835 4275 in

1627 4296 1780 4342 lucem
1820 4296 2068 4342 infantulo.
2136 4295 2264 4341 Hinc
2321 4307 2586 4354 cog-nomeu
2634 4289 2835 4337 Lucina.

1625 4357 1745 4404 Vide
1768 4359 1847 4403 lib.
1871 4359 1933 4403 iii.
1957 4358 2046 4403 Od.
2063 4358 2138 4402 2⁸2..
2164 4358 2338 4402 Annot.

1689 4422 1733 4467 7.
1766 4421 1914 4467 Inane
1931 4433 2155 4480 purpura
2178 4417 2352 4476 denua]
2386 4415 2575 4472 Quippe
2607 4426 2702 4472 qno
2737 4426 2835 4458 nou

1626 4483 1930 4531 deterremiui
1954 4483 2016 4526 ab
2036 4478 2280 4525 inserenda
2305 4475 2418 4522 mihi
2441 4490 2572 4521 nece.

1688 4547 1734 4593 8.
1767 4543 2146 4607 [improbaturum
2175 4541 2271 4587 lucc
2299 4537 2499 4598 Jovem]
2562 4537 2603 4583 A
2614 4533 2837 4599 juvando
